@TechReport{milani2004online,
  title={Online genetic algorithms},
  author={Milani, Alfredo},
  year={2004},
  publisher={Institute of Information Theories and Applications FOI ITHEA},
url = {http://hdl.handle.net/10525/838}
}


@incollection{duda2013distributed,
  title={Distributed evolutionary computing system based on web browsers with javascript},
  author={Duda, Jerzy and D{\l}ubacz, Wojciech},
  booktitle={Applied Parallel and Scientific Computing},
  pages={183--191},
  year={2013},
  publisher={Springer}
}
@inproceedings{duda2013gpu,
  title={GPU acceleration for the web browser based evolutionary computing system},
  author={Duda, Jerzy and Dlubacz, Wojciech},
  booktitle={System Theory, Control and Computing (ICSTCC), 2013 17th International Conference},
  pages={751--756},
  year={2013},
  organization={IEEE}
}

@inproceedings{chiamananthapong2013analysis,
  title={AN ANALYSIS OF USING WEB APPLICATION AS DISTRIBUTED COMPUTING PLATFORM},
  author={Chiamananthapong, Parin and Piromsopa, Krerk},
  booktitle={Proceedings of the IASTED International Conference},
  volume={201},
  number={3},
  pages={1--1},
  year={2013}
}
